<?xml version="1.0" encoding="UTF-8"?><collection xmlns="http://www.loc.gov/MARC21/slim"><record><leader>00563nam--2200205-u-4500</leader><controlfield tag="001">000055970</controlfield><controlfield tag="002">20161230</controlfield><controlfield tag="005">20161230201052</controlfield><controlfield tag="008">130829s1000------------r-----000-0-rus-d</controlfield><datafield ind1=" " ind2=" " tag="040"><subfield code="a">IFIN-HH</subfield></datafield><datafield ind1=" " ind2=" " tag="041"><subfield code="a">rus</subfield></datafield><datafield ind1=" " ind2=" " tag="080"><subfield code="a">523:533.9</subfield></datafield><datafield ind1="1" ind2=" " tag="100"><subfield code="a">Rossi, B</subfield></datafield><datafield ind1="1" ind2="0" tag="245"><subfield code="a">Vvedenie v fiziku kosmiceskogo prostranstva</subfield><subfield code="c">B. rossi, s. olbert</subfield></datafield><datafield ind1=" " ind2=" " tag="260"><subfield code="a">Moskva</subfield><subfield code="b">Atomizdat</subfield><subfield code="c">1974</subfield></datafield><datafield ind1=" " ind2=" " tag="300"><subfield code="a">391P</subfield></datafield><datafield ind1=" " ind2=" " tag="500"><subfield code="a">Titlul Original In Limba Engleza:Introduction To The Physics Of Space</subfield></datafield><datafield ind1="1" ind2=" " tag="700"><subfield code="a">Olbert, S</subfield></datafield><datafield ind1=" " ind2=" " tag="852"><subfield code="a">42636</subfield><subfield code="c">523</subfield></datafield><datafield ind1=" " ind2=" " tag="CAT"><subfield code="a">Sys</subfield><subfield code="c">20130829</subfield><subfield code="h">150723</subfield></datafield></record></collection>